
@misc{danmarkstat2,
    author    = "Danmarks Statistik",
    title     = "Koeb via internet - Procent af befolkningen",
    url       = "http://www.statistikbanken.dk/BEBRIT07",
}

@misc{notsolved,
    author    = "TSP",
    title     = "The Problem",
    url       = "http://www.math.uwaterloo.ca/tsp/problem/index.html?fbclid=IwAR0d0sRHchlzDoEHZtAVzP3KrY1wupNY2-Q3dg4hF-2d4ESY1BfoI2XYOwM",
}

@techreport{FDIHyearreport,
    author    = "Niels Ralund",
    title     = "FDIH Aarsrapport 2017",
    institution = "FDIH",
    year      = "2017",
}

@techreport{Ehandel2017,
    author    = "Malte Munkøe",
    title     = "E-handlen anno 2017 forbrugertrends og tendenser",
    institution = "Dansk Erhverv",
    year      = "2017",
        %https://www.danskerhverv.dk/contentassets/c9177ce791854aac95f4307bb8206539/e-handlen-anno-2017---forbrugertrends-og-tendenser?fbclid=IwAR2C0zgiiCFRW59r5x05L4mENJYSlzX3XAsI6DxPSJeCBcSrd2EyaGTcc9Q
}

@techreport{FastForwardingLast-mileDelivery,
    author    = "Jürgen Schröder and Bernd Heid and Florian Neuhaus and Matthias Kässer and Christoph Klink and Simon Tatomir",
    title     = "Fast forwarding last-mile delivery – implications for the ecosystem",
    institution = "McKinsey&Company",
    year      = "2018",
    month    = "July",
}

@techreport{reportDKpakketjenester,
    author    = "Soeren Pedersen and Charlotte Joergensen and Wilke",
    title     = "Rapport om danskernes brug af pakketjenester, juni 2015",
    institution   = "Transportministeret",
    year      = "2015",
}

@article{Danmarkstat1,
    author    = "Agnes Tassy",
    title     = "Aeldre handler på nettet som aldrig foer",
    journal   = "Danmarks Statistik",
    year      = "2018",
    url = "https://www.dst.dk/da/Statistik/nyt/NytHtml?cid=31386",
}

@misc{postnordoptions,
    author    = "PostNord",
    title     = "Vælg levering",
    url       = "https://www.postnord.dk/modtag/breve-og-pakker/valg-pakkelevering",
}

@misc{glsoptions,
    author    = "GLS-Danmark",
    title     = "Du vælger - vi leverer",
    url       = "https://gls-group.eu/DK/da/du-vaelger-vi-leverer-",
}

@misc{traficcount,
    author    = "Stine Sørensen",
    title     = "Trafiktællinger 2010-2015 Aalborg Kommune",
    url		  = "https://portal.opendata.dk/dataset/taelletrafik-statsveje/resource/9bafca95-2196-4a20-9a4e-5c8dca330584",			
  
}

@misc{solvingcdp,
    author  = "Ilgaz Sungura, Yingtao Rena, Fernando Ord´o˜neza, Maged Dessoukya†, and Hongsheng Zhongb",
    title = "A Model and Algorithm for the Courier Delivery, Problem with Uncertainty",
}

@misc{geneticalg,
    author  = "Vijini Mallawaarachchi",
    title   ="Introduction to Genetic Algorithms — Including Example Code", 
    url     = "https://towardsdatascience.com/introduction-to-genetic-algorithms-including-example-code-e396e98d8bf3",
}
    
@misc{tsp,
    title   ="The Traveling Salesman Problem, chapter 10",
    url     ="https://www.csd.uoc.gr/~hy583/papers/ch11.pdf",
}

@article{Pakketyveri,
    author    = "Mette Guldagger",
    title     = "Stjaalet pakkepost fra skuret er dit eget ansvar",
    journal   = "Politiken",
    year      = "2010",
    URL       = "https://politiken.dk/forbrugogliv/boligogdesign/hjemmet/art4966771/Stj\%C3\%A5let-pakkepost-fra-skuret-er-dit-eget-ansvar",
}

@misc{orionbackgrounder,
    author  = "Kyle Peterson",
    title   = "ORION Backgrounder",
    journal = "UPS",
    url     = "https://www.pressroom.ups.com/pressroom/ContentDetailsViewer.page?ConceptType=Factsheets&id=1426321616277-282",
}

@misc{routific,
    author  = "Marc Kuo",
    title   = "Routific Blog",
    journal = "Routific",
    url     = "https://blog.routific.com/",
}

@article{Mailman,
    author = "Nina Brorson - TV2",
    title = "Frustrerede PostNord-kunder venter forgæves",
    journal = "PostNord",
    year = "2017",
    url = "http://nyheder.tv2.dk/2017-05-07-frustrerede-postnord-kunder-venter-forgaeves-buddet-lyver-om-at-i-har-forsoegt-at?fbclid=IwAR0k2-MgIULZPaHno1hrcHE1LYJdASqG5bFiqoWEpG3ssELucY86eAe_GfY",
}

@misc{keld,
  title = "Keld Helsgaun",
  howpublished = "\url{http://akira.ruc.dk/~keld/}",
  note = "Accessed: 2018-11-13",
}

@misc{tsp2,
  title = "World TSP",
  howpublished = "\url{http://www.math.uwaterloo.ca/tsp/world/}",
  note = "Accessed: 2018-11-13",
}


@article{DST,
    author    = "Agnes Tassy",
    title     ="3,4 mio. danskere handler på nettet",
    journal   ="Danmarks Statistik",
    year      ="2015",
    url = "https://www.dst.dk/da/Statistik/nyt/NytHtml?cid=19496",
}

@misc{upsoptions,
    author    = "UPS",
    title     = "Forsendelsesservice",
    url       = "https://www.ups.com/dk/da/services/shipping.page?",
}

@misc{lastmile,
title   = "What is Last Mile Delivery?",
howpublished    = "https://www.datexcorp.com/last-mile-delivery-part-1-omni-channel-retail-affecting-transportation-logistics/",
note = "Accessed: 2018-11-14",
}


@article{Returningcustomers,
    author    = "Neil Patel",
    title     ="How To Make More Money Without Making More Sales",
    year      ="2014",
    url = "https://www.forbes.com/sites/neilpatel/2014/11/17/how-to-make-more-money-without-making-more-sales/#3ca0fafb23aa",
}

@misc{fdihabout,
    author    = "Niels Ralund",
    title     = "Making Danish e-commerce stronger",
    url       = "https://www.fdih.dk/om-fdih/about-fdih",
}

@article{lastmile2,
    author    = "Shelagh Delan",
    title     ="The challenges of last mile logistics & delivery technology solutions",
    year      ="2018",
    url = "https://www.businessinsider.com/last-mile-delivery-shipping-explained?r=US&IR=T&IR=T",
    }
    
    
@article{E-loyalty,
    author    = "Reichheld, F and Schefter, P",
    title     ="The Economics of E-Loyalty",
    year      ="2010",
    url = "https://hbswk.hbs.edu/archive/the-economics-of-e-loyalty",
}


@article{BainAndCompany,
    author    = "Sarabjit Singh Baveja and Sharad Rastogi and Chris Zook",
    title     ="The value of online customer loyalty",
    url = "http://www2.bain.com/Images/Value_online_customer_loyalty_you_capture.pdf",
}

@misc{okonomiskansvar,
    author    = "Postnord",
    title     = "Vores økonomiske ansvar",
    url       = "https://www.postnord.com/da/baeredygtighed/vores-okonomiske-ansvar/",
    note = "Accessed 14-11-2018",
}

@misc{Postnordmiljoansvar,
    author    = "Postnord",
    title     = "Vores miljøansvar",
    url       = "https://www.postnord.com/da/baeredygtighed/vores-miljoansvar/",
}

@techreport{ThinkGLS,
    publisher = "General Logistics System B.V.",
    Title = "ThinkGLS. ThinkResponsible. 3rd Sustainability Report.",
    Institution = "GLS",
    year = "2016/2017",
}

@misc{economyimportance,
    author = "zkjadoon - (Zahid Khan Jadoon)",
    title = "Importance of Economics in Business",
    url = "http://www.businessstudynotes.com/others/economics/importance-economics-country/",
    year = "2017",
    note = "Accessed 15-11-2018",
}

@misc{GLSregnskab,
    author = "proff",
    title = "GLS - General Logistics Systems Denmark A/S - Hovedkontoret",
    url = "https://www.proff.dk/regnskab/gls-general-logistics-systems-denmark-as-hovedkontoret/kolding/post-tjenester/GL3KYNI04HN/",
    year = "2018",
    note = "Accessed 15-11-2018",
}

@misc{UPSregnskab,
    author = "proff",
    tittle = "UPS Danmark A/S",
    url = "https://www.proff.dk/regnskab/ups-danmark-as/glostrup/skibsm\%C3\%A6glere/GL3FBGI01HS/",
    year = "2017",
}

@misc{Postnordregnskab,
    author = "proff",
    tittle = "Postnord Danmark (B2452)",
    url = "https://www.proff.dk/regnskab/postnord-danmark-b2452/k\%C3\%B8benhavn-sv/post-tjenester/GWYE8XI04HN/",
    year = "2017",
}

@misc{UPSmiljo,
    author = "UPS",
    Title = "Fuels and Fleets",
    url = "https://sustainability.ups.com/committed-to-more/fuels-and-fleets/",
}

@misc{Unattendeddelivery,
    author = "PostNord",
    Title = "Modtagerflex unattended delivery service",
    url = "https://www.postnord.dk/en/receiving/modtagerflex-unattended-delivery",
}

@misc{danskmiljolov,
    Institution = "Miljø- og Fødevareministeret",
    Title = "Danske miljølove",
    url = "https://mst.dk/service/lovstof/danske-miljoelove/",
    note = "Accessed 15-11-2018",
}

@misc{ikkemeremoms,
    author  = "Morten Lindbo",
    title   = "Pakkedistributører slipper for momsbøvl",
    url     = "http://dtl.eu/presserum/nyheder/2016/pakkedistributoerer-slipper-for-momsboevl/",
    year = "2016"
}

